@ARTICLE{BNJ03,
	author = {Blei, David M. and Ng, Andrew Y. and Jordan, Michael I.},
	title = {Latent Dirichlet Allocation},
	journal = {The Journal of Machine Learning Research},
	year = {2003},
	volume = {3},
	pages = {993-1022},
}
